@article{wright09facerecog,
	title={Robust face recognition via sparse representation},
	author={John Wright and Allen Y Yang and Arvind Ganesh and S Shankar Sastry and Yi Ma},
	journal={IEEE Transactions on Pattern Analysis and Machine Intelligence},
	volume={31},
	number={2},
	month={2},
	pages={210--227},
	year={2009},
	publisher={IEEE}
}
@article{wright10dense,
	title={Dense Error Correction Via $ \ell^1 $-Minimization},
	author={John Wright and Yi Ma},
	journal={IEEE Transactions on Information Theory},
	volume={56},
	number={7},
	month={7},
	pages={3540--3560},
	year={2010},
	publisher={IEEE}
}
@article{bryan13makingdo,
	title={Making Do with Less: An Introduction to Compressed Sensing},
	author={Kurt Bryan and Tanya Leise},
	journal={Siam Review},
	volume={55},
	number={3},
	pages={547--566},
	year={2013},
	publisher={SIAM}
}
@book{foucart13intro,
	author = {Simon Foucart and Holger Rauhut},
	title = {A Mathematical Introduction to Compressive Sensing},
	date = {2013},
	publisher = {Birkhauser}
}
@book{eldar12theoryapplic,
	author = {Yonina C. Eldar and Gitta Kutyniok},
	title = {Compressed Sensing: Theory and Applications},
	date = {2012},
	publisher = {Cambridge university press},
	chapter = {12}
}
@book{vanderbei14linprog,
	author = {Robert J. Vanderbei},
	title = {Linear Programming},
	edition = {4},
	date = {2014},
	publisher = {Springer}
}
@booklet{lindstrom15spaces,
	author = {Tom Lindstrøm},
	title = {Mathematical Analysis},
	date = {2016}
}
@book{lay16linearalgebra,
	author = {David C. Lay and Stephen R. Lay and Judi J. McDonald},
	title = {Linear Algebra and its Applications},
	date = {2016},
	edition = {5},
	publisher = {Pearson}
}
@article{ieeefloatstd,
	title={754-2008 - IEEE standard for floating-point arithmetic},
	shorthand={754-08},
	author={Dan Zuras (Chair) and Mike Cowlishaw (Editor)},
	year={2008},
	journal={IEEE Computer Society}
}
@article{ieee00importantalgs,
	title={Guest editors’ introduction: The top 10 algorithms},
	author={Jack Dongarra and Francis Sullivan},
	journal={IEEE Computing in Science \& Engineering},
	volume={2},
	number={1},
	pages={22--23},
	year={2000},
	publisher={IEEE}
}
@booklet{ryan16applinalg,
	author = {Øyvind Ryan},
	title = {Linear algebra, signal processing and wavelets. A unified approach},
	date = {2016},
	url = {https://github.com/oyvindry/applinalgcode},
	urldate = {2017-04-10}
}
@book{manolakis2011DSP,
	title={Applied digital signal processing},
	author={Dimitris G Manolakis and Vinay K Ingle},
	year={2011},
	publisher={Cambridge University Press}
}
@article{bhat2014performance,
	title={Performance Comparison of Major Classical Face Recognition Techniques},
	author={Farooq Ahmad Bhat and M. Arif Wani},
	journal={IEEE 13th International Conference on Machine Learning and Applications (ICMLA)},
	pages={521--528},
	year={2014}
}
@article{lee2005acquiring,
	title={Acquiring linear subspaces for face recognition under variable lighting},
	author={Kuang-Chih Lee and Jeffrey Ho and David J. Kriegman},
	journal={IEEE Transactions on pattern analysis and machine intelligence},
	volume={27},
	number={5},
	pages={684--698},
	year={2005},
	publisher={IEEE}
}
@online{antunAlgs,
	author = {Vegard Antun},
	title = {Master thesis code},
	urldate = {2017-03-23},
	year = {2016},
	url = {https://bitbucket.org/vegarant/code-thesis}
}
@book{ISLR,
	title={An Introduction to Statistical Learning with Applications in R},
	author={Gareth James and Daniela Witten and Trevor Hastie and Robert Tibshirani},
	year={2013},
	shorthand={ISLR},
	publisher={Springer}
}
@article{candes2006near,
	title={Near-optimal signal recovery from random projections: Universal encoding strategies?},
	author={Candes, Emmanuel J and Tao, Terence},
	journal={IEEE transactions on information theory},
	volume={52},
	number={12},
	pages={5406--5425},
	year={2006},
	publisher={IEEE}
}
@article{candes2006robust,
	title={Robust uncertainty principles: Exact signal reconstruction from highly incomplete frequency information},
	author={Cand{\`e}s, Emmanuel J and Romberg, Justin and Tao, Terence},
	journal={IEEE Transactions on information theory},
	volume={52},
	number={2},
	pages={489--509},
	year={2006},
	publisher={IEEE}
}
@article{donoho2006compressed,
	title={Compressed sensing},
	author={Donoho, David L},
	journal={IEEE Transactions on information theory},
	volume={52},
	number={4},
	pages={1289--1306},
	year={2006},
	publisher={IEEE}
}